@book{sagan_1993, 
    place = "New York", 
    title = "Brocas brain: reflections on the romance of science", 
    publisher = "Presidio Press", 
    author = "Sagan, Carl", 
    year = 1993
}

@article{ghia_1982,
    author = "U. Ghia and K. N. Ghia and C. T. Shin",
    title = "High-Re Solutions for Incompressible Flow Using the Navier-Stokes Equations and a Multigrid Method",
    journal = "Journal of Computational Physics",
    volume = "48",
    pages = "387-411",
    year = 1982
}

% This reference is visible in the Bibliography, but not in the text above it. To see how this is done, have a look at the code for the 'Introduction'-section
@online{imt_software_wiki,
    author = "NTNU, Department of Marine Technology", 
    title = "IMT Software Wiki - LaTeX", 
    url = "https://www.ntnu.no/wiki/display/imtsoftware/LaTeX", 
    urldate = "2020-09-15"      % This is the date we entered the page
}

Task 1.1 & Task 1.2:
link1 : https://users.cs.duke.edu/~brd/Teaching/Bio/asmb/current/Papers/chap3-forward-kinematics.pdf 
link 2: "https://en.wikipedia.org/wiki/Denavit-Hartenberg_parameters"
link 3: https://robotacademy.net.au/lesson/denavit-hartenberg-notation/ 
link 4: https://en.wikipedia.org/wiki/Robotics_conventions#Denavit-Hartenberg_link_frame_convention_(DH)
link 5: https://www.tu-chemnitz.de/informatik/KI/edu/robotik/ws2016/lecture-03_p1.pdf